%YAML 1.1
%TAG !u! tag:unity3d.com,2011:
--- !u!114 &11400000
MonoBehaviour:
  m_ObjectHideFlags: 0
  m_PrefabParentObject: {fileID: 0}
  m_PrefabInternal: {fileID: 0}
  m_GameObject: {fileID: 0}
  m_Enabled: 1
  m_EditorHideFlags: 0
  m_Script: {fileID: 11500000, guid: 74ce7561ec63bc1459b127ffb4912f85, type: 3}
  m_Name: LastSession
  m_EditorClassIdentifier: 
  editorStates:
  - {fileID: 114871611510725514}
  saveName: Assets\Plugins\Node_Editor\Resources\Saves\WeaponAttackTest
  savePath: Assets\Plugins\Node_Editor\Resources\Saves\WeaponAttackTest.asset
  livesInScene: 0
  nodes:
  - {fileID: 114937890435260670}
  - {fileID: 114892269680845190}
  - {fileID: 114440264783777782}
  - {fileID: 114030545430331224}
  - {fileID: 114287039544513466}
  groups: []
  idleOptions: {fileID: 114440264783777782}
--- !u!114 &114030545430331224
MonoBehaviour:
  m_ObjectHideFlags: 1
  m_PrefabParentObject: {fileID: 0}
  m_PrefabInternal: {fileID: 0}
  m_GameObject: {fileID: 0}
  m_Enabled: 1
  m_EditorHideFlags: 0
  m_Script: {fileID: 11500000, guid: f59f61aed93473e438f8d638d4437e51, type: 3}
  m_Name: Weapon Attack Node
  m_EditorClassIdentifier: 
  position: {x: 50, y: -150}
  dynamicConnectionPorts: []
  backgroundColor: {r: 1, g: 1, b: 1, a: 1}
  motion: Sideslash
  leadButton: 2
  comesFrom: {fileID: 114326064436352572}
  leadsTo: {fileID: 114369605833454512}
--- !u!114 &114068480227432868
MonoBehaviour:
  m_ObjectHideFlags: 1
  m_PrefabParentObject: {fileID: 0}
  m_PrefabInternal: {fileID: 0}
  m_GameObject: {fileID: 0}
  m_Enabled: 1
  m_EditorHideFlags: 0
  m_Script: {fileID: 11500000, guid: 017e2c7fd038ecb46b317c1e003f31dc, type: 3}
  m_Name: Node 1
  m_EditorClassIdentifier: 
  body: {fileID: 114440264783777782}
  direction: 2
  maxConnectionCount: 1
  styleID: WeaponAttackNodeConnection
  _connections:
  - {fileID: 114127639629930596}
  side: 2
  sidePosition: 28
  sideOffset: 0
--- !u!114 &114119589718412024
MonoBehaviour:
  m_ObjectHideFlags: 1
  m_PrefabParentObject: {fileID: 0}
  m_PrefabInternal: {fileID: 0}
  m_GameObject: {fileID: 0}
  m_Enabled: 1
  m_EditorHideFlags: 0
  m_Script: {fileID: 11500000, guid: 017e2c7fd038ecb46b317c1e003f31dc, type: 3}
  m_Name: Node 3
  m_EditorClassIdentifier: 
  body: {fileID: 114440264783777782}
  direction: 2
  maxConnectionCount: 1
  styleID: WeaponAttackNodeConnection
  _connections: []
  side: 2
  sidePosition: 64
  sideOffset: 0
--- !u!114 &114127639629930596
MonoBehaviour:
  m_ObjectHideFlags: 1
  m_PrefabParentObject: {fileID: 0}
  m_PrefabInternal: {fileID: 0}
  m_GameObject: {fileID: 0}
  m_Enabled: 1
  m_EditorHideFlags: 0
  m_Script: {fileID: 11500000, guid: 017e2c7fd038ecb46b317c1e003f31dc, type: 3}
  m_Name: Comes From
  m_EditorClassIdentifier: 
  body: {fileID: 114937890435260670}
  direction: 1
  maxConnectionCount: 0
  styleID: WeaponAttackNodeConnection
  _connections:
  - {fileID: 114068480227432868}
  side: 4
  sidePosition: 0
  sideOffset: 0
--- !u!114 &114266512545907794
MonoBehaviour:
  m_ObjectHideFlags: 1
  m_PrefabParentObject: {fileID: 0}
  m_PrefabInternal: {fileID: 0}
  m_GameObject: {fileID: 0}
  m_Enabled: 1
  m_EditorHideFlags: 0
  m_Script: {fileID: 11500000, guid: 017e2c7fd038ecb46b317c1e003f31dc, type: 3}
  m_Name: Node 3
  m_EditorClassIdentifier: 
  body: {fileID: 114287039544513466}
  direction: 2
  maxConnectionCount: 1
  styleID: WeaponAttackNodeConnection
  _connections: []
  side: 2
  sidePosition: 64
  sideOffset: 0
--- !u!114 &114287039544513466
MonoBehaviour:
  m_ObjectHideFlags: 1
  m_PrefabParentObject: {fileID: 0}
  m_PrefabInternal: {fileID: 0}
  m_GameObject: {fileID: 0}
  m_Enabled: 1
  m_EditorHideFlags: 0
  m_Script: {fileID: 11500000, guid: 0729b244e382ee94ca998f7350ad6711, type: 3}
  m_Name: Weapon Attack Options Node
  m_EditorClassIdentifier: 
  position: {x: 550, y: 0}
  dynamicConnectionPorts: []
  backgroundColor: {r: 1, g: 1, b: 1, a: 1}
  node1: {fileID: 114431100723160014}
  node2: {fileID: 114294232556292186}
  node3: {fileID: 114266512545907794}
  node4: {fileID: 114781940349591630}
  loopInput: {fileID: 114509463505168174}
  input: {fileID: 114326260763070290}
--- !u!114 &114294232556292186
MonoBehaviour:
  m_ObjectHideFlags: 1
  m_PrefabParentObject: {fileID: 0}
  m_PrefabInternal: {fileID: 0}
  m_GameObject: {fileID: 0}
  m_Enabled: 1
  m_EditorHideFlags: 0
  m_Script: {fileID: 11500000, guid: 017e2c7fd038ecb46b317c1e003f31dc, type: 3}
  m_Name: Node 2
  m_EditorClassIdentifier: 
  body: {fileID: 114287039544513466}
  direction: 2
  maxConnectionCount: 1
  styleID: WeaponAttackNodeConnection
  _connections:
  - {fileID: 114326064436352572}
  side: 2
  sidePosition: 46
  sideOffset: 0
--- !u!114 &114326064436352572
MonoBehaviour:
  m_ObjectHideFlags: 1
  m_PrefabParentObject: {fileID: 0}
  m_PrefabInternal: {fileID: 0}
  m_GameObject: {fileID: 0}
  m_Enabled: 1
  m_EditorHideFlags: 0
  m_Script: {fileID: 11500000, guid: 017e2c7fd038ecb46b317c1e003f31dc, type: 3}
  m_Name: Comes From
  m_EditorClassIdentifier: 
  body: {fileID: 114030545430331224}
  direction: 1
  maxConnectionCount: 0
  styleID: WeaponAttackNodeConnection
  _connections:
  - {fileID: 114294232556292186}
  side: 4
  sidePosition: 0
  sideOffset: 0
--- !u!114 &114326260763070290
MonoBehaviour:
  m_ObjectHideFlags: 1
  m_PrefabParentObject: {fileID: 0}
  m_PrefabInternal: {fileID: 0}
  m_GameObject: {fileID: 0}
  m_Enabled: 1
  m_EditorHideFlags: 0
  m_Script: {fileID: 11500000, guid: 017e2c7fd038ecb46b317c1e003f31dc, type: 3}
  m_Name: Input
  m_EditorClassIdentifier: 
  body: {fileID: 114287039544513466}
  direction: 1
  maxConnectionCount: 0
  styleID: WeaponAttackOptionsNodeConnection
  _connections:
  - {fileID: 114572967676785634}
  side: 4
  sidePosition: 28
  sideOffset: 0
--- !u!114 &114369605833454512
MonoBehaviour:
  m_ObjectHideFlags: 1
  m_PrefabParentObject: {fileID: 0}
  m_PrefabInternal: {fileID: 0}
  m_GameObject: {fileID: 0}
  m_Enabled: 1
  m_EditorHideFlags: 0
  m_Script: {fileID: 11500000, guid: 017e2c7fd038ecb46b317c1e003f31dc, type: 3}
  m_Name: Leads To
  m_EditorClassIdentifier: 
  body: {fileID: 114030545430331224}
  direction: 2
  maxConnectionCount: 1
  styleID: WeaponAttackOptionsNodeConnection
  _connections:
  - {fileID: 114605368758019720}
  side: 2
  sidePosition: 0
  sideOffset: 0
--- !u!114 &114431100723160014
MonoBehaviour:
  m_ObjectHideFlags: 1
  m_PrefabParentObject: {fileID: 0}
  m_PrefabInternal: {fileID: 0}
  m_GameObject: {fileID: 0}
  m_Enabled: 1
  m_EditorHideFlags: 0
  m_Script: {fileID: 11500000, guid: 017e2c7fd038ecb46b317c1e003f31dc, type: 3}
  m_Name: Node 1
  m_EditorClassIdentifier: 
  body: {fileID: 114287039544513466}
  direction: 2
  maxConnectionCount: 1
  styleID: WeaponAttackNodeConnection
  _connections:
  - {fileID: 114547031175069026}
  side: 2
  sidePosition: 28
  sideOffset: 0
--- !u!114 &114440264783777782
MonoBehaviour:
  m_ObjectHideFlags: 1
  m_PrefabParentObject: {fileID: 0}
  m_PrefabInternal: {fileID: 0}
  m_GameObject: {fileID: 0}
  m_Enabled: 1
  m_EditorHideFlags: 0
  m_Script: {fileID: 11500000, guid: 574779fa259cbab47a23f38c566b2b54, type: 3}
  m_Name: Weapon Attack Options Root Node
  m_EditorClassIdentifier: 
  position: {x: 50, y: 0}
  dynamicConnectionPorts: []
  backgroundColor: {r: 1, g: 1, b: 1, a: 1}
  node1: {fileID: 114068480227432868}
  node2: {fileID: 114547526432043706}
  node3: {fileID: 114119589718412024}
  node4: {fileID: 114967385747879374}
  loopInput: {fileID: 114605368758019720}
--- !u!114 &114509463505168174
MonoBehaviour:
  m_ObjectHideFlags: 1
  m_PrefabParentObject: {fileID: 0}
  m_PrefabInternal: {fileID: 0}
  m_GameObject: {fileID: 0}
  m_Enabled: 1
  m_EditorHideFlags: 0
  m_Script: {fileID: 11500000, guid: 017e2c7fd038ecb46b317c1e003f31dc, type: 3}
  m_Name: Loop Input
  m_EditorClassIdentifier: 
  body: {fileID: 114287039544513466}
  direction: 1
  maxConnectionCount: 0
  styleID: WeaponAttackOptionsNodeConnection
  _connections: []
  side: 4
  sidePosition: 46
  sideOffset: 0
--- !u!114 &114547031175069026
MonoBehaviour:
  m_ObjectHideFlags: 1
  m_PrefabParentObject: {fileID: 0}
  m_PrefabInternal: {fileID: 0}
  m_GameObject: {fileID: 0}
  m_Enabled: 1
  m_EditorHideFlags: 0
  m_Script: {fileID: 11500000, guid: 017e2c7fd038ecb46b317c1e003f31dc, type: 3}
  m_Name: Comes From
  m_EditorClassIdentifier: 
  body: {fileID: 114892269680845190}
  direction: 1
  maxConnectionCount: 0
  styleID: WeaponAttackNodeConnection
  _connections:
  - {fileID: 114431100723160014}
  side: 4
  sidePosition: 0
  sideOffset: 0
--- !u!114 &114547526432043706
MonoBehaviour:
  m_ObjectHideFlags: 1
  m_PrefabParentObject: {fileID: 0}
  m_PrefabInternal: {fileID: 0}
  m_GameObject: {fileID: 0}
  m_Enabled: 1
  m_EditorHideFlags: 0
  m_Script: {fileID: 11500000, guid: 017e2c7fd038ecb46b317c1e003f31dc, type: 3}
  m_Name: Node 2
  m_EditorClassIdentifier: 
  body: {fileID: 114440264783777782}
  direction: 2
  maxConnectionCount: 1
  styleID: WeaponAttackNodeConnection
  _connections: []
  side: 2
  sidePosition: 46
  sideOffset: 0
--- !u!114 &114572967676785634
MonoBehaviour:
  m_ObjectHideFlags: 1
  m_PrefabParentObject: {fileID: 0}
  m_PrefabInternal: {fileID: 0}
  m_GameObject: {fileID: 0}
  m_Enabled: 1
  m_EditorHideFlags: 0
  m_Script: {fileID: 11500000, guid: 017e2c7fd038ecb46b317c1e003f31dc, type: 3}
  m_Name: Leads To
  m_EditorClassIdentifier: 
  body: {fileID: 114937890435260670}
  direction: 2
  maxConnectionCount: 1
  styleID: WeaponAttackOptionsNodeConnection
  _connections:
  - {fileID: 114326260763070290}
  side: 2
  sidePosition: 0
  sideOffset: 0
--- !u!114 &114605368758019720
MonoBehaviour:
  m_ObjectHideFlags: 1
  m_PrefabParentObject: {fileID: 0}
  m_PrefabInternal: {fileID: 0}
  m_GameObject: {fileID: 0}
  m_Enabled: 1
  m_EditorHideFlags: 0
  m_Script: {fileID: 11500000, guid: 017e2c7fd038ecb46b317c1e003f31dc, type: 3}
  m_Name: Loop Input
  m_EditorClassIdentifier: 
  body: {fileID: 114440264783777782}
  direction: 1
  maxConnectionCount: 0
  styleID: WeaponAttackOptionsNodeConnection
  _connections:
  - {fileID: 114369605833454512}
  side: 4
  sidePosition: 28
  sideOffset: 0
--- !u!114 &114781940349591630
MonoBehaviour:
  m_ObjectHideFlags: 1
  m_PrefabParentObject: {fileID: 0}
  m_PrefabInternal: {fileID: 0}
  m_GameObject: {fileID: 0}
  m_Enabled: 1
  m_EditorHideFlags: 0
  m_Script: {fileID: 11500000, guid: 017e2c7fd038ecb46b317c1e003f31dc, type: 3}
  m_Name: Node 4
  m_EditorClassIdentifier: 
  body: {fileID: 114287039544513466}
  direction: 2
  maxConnectionCount: 1
  styleID: WeaponAttackNodeConnection
  _connections: []
  side: 2
  sidePosition: 83
  sideOffset: 0
--- !u!114 &114871611510725514
MonoBehaviour:
  m_ObjectHideFlags: 1
  m_PrefabParentObject: {fileID: 0}
  m_PrefabInternal: {fileID: 0}
  m_GameObject: {fileID: 0}
  m_Enabled: 1
  m_EditorHideFlags: 0
  m_Script: {fileID: 11500000, guid: f6ab6487237ff124ea4c2aa5de9ce3fb, type: 3}
  m_Name: MainEditorState
  m_EditorClassIdentifier: 
  canvas: {fileID: 0}
  parentEditor: {fileID: 0}
  selectedNode: {fileID: 114287039544513466}
  panOffset: {x: -457.80005, y: -23.200043}
  zoom: 1.2
--- !u!114 &114892269680845190
MonoBehaviour:
  m_ObjectHideFlags: 1
  m_PrefabParentObject: {fileID: 0}
  m_PrefabInternal: {fileID: 0}
  m_GameObject: {fileID: 0}
  m_Enabled: 1
  m_EditorHideFlags: 0
  m_Script: {fileID: 11500000, guid: f59f61aed93473e438f8d638d4437e51, type: 3}
  m_Name: Weapon Attack Node
  m_EditorClassIdentifier: 
  position: {x: 800, y: 0}
  dynamicConnectionPorts: []
  backgroundColor: {r: 1, g: 1, b: 1, a: 1}
  motion: Slam
  leadButton: 1
  comesFrom: {fileID: 114547031175069026}
  leadsTo: {fileID: 114897973209198612}
--- !u!114 &114897973209198612
MonoBehaviour:
  m_ObjectHideFlags: 1
  m_PrefabParentObject: {fileID: 0}
  m_PrefabInternal: {fileID: 0}
  m_GameObject: {fileID: 0}
  m_Enabled: 1
  m_EditorHideFlags: 0
  m_Script: {fileID: 11500000, guid: 017e2c7fd038ecb46b317c1e003f31dc, type: 3}
  m_Name: Leads To
  m_EditorClassIdentifier: 
  body: {fileID: 114892269680845190}
  direction: 2
  maxConnectionCount: 1
  styleID: WeaponAttackOptionsNodeConnection
  _connections: []
  side: 2
  sidePosition: 0
  sideOffset: 0
--- !u!114 &114937890435260670
MonoBehaviour:
  m_ObjectHideFlags: 1
  m_PrefabParentObject: {fileID: 0}
  m_PrefabInternal: {fileID: 0}
  m_GameObject: {fileID: 0}
  m_Enabled: 1
  m_EditorHideFlags: 0
  m_Script: {fileID: 11500000, guid: f59f61aed93473e438f8d638d4437e51, type: 3}
  m_Name: Weapon Attack Node
  m_EditorClassIdentifier: 
  position: {x: 300, y: 0}
  dynamicConnectionPorts: []
  backgroundColor: {r: 1, g: 1, b: 1, a: 1}
  motion: Jab
  leadButton: 1
  comesFrom: {fileID: 114127639629930596}
  leadsTo: {fileID: 114572967676785634}
--- !u!114 &114967385747879374
MonoBehaviour:
  m_ObjectHideFlags: 1
  m_PrefabParentObject: {fileID: 0}
  m_PrefabInternal: {fileID: 0}
  m_GameObject: {fileID: 0}
  m_Enabled: 1
  m_EditorHideFlags: 0
  m_Script: {fileID: 11500000, guid: 017e2c7fd038ecb46b317c1e003f31dc, type: 3}
  m_Name: Node 4
  m_EditorClassIdentifier: 
  body: {fileID: 114440264783777782}
  direction: 2
  maxConnectionCount: 1
  styleID: WeaponAttackNodeConnection
  _connections: []
  side: 2
  sidePosition: 83
  sideOffset: 0
